@PhdThesis{Akle_thesis,
	author = {S. A. Serrano},
	title = {Algorithms for unsymmetric cone optimization and an implementation for problems with the exponential cone},
	school = {Stanford University},
	year = {2015}
	}
@PhdThesis{Robert_thesis,
	author = {P. R. Charles},
	title = {Cones and interior-point algorithms for structured convex optimization involving powers and exponentials},
	school = {Universite catholique de Louvain and  Ecole Polytechnique de Louvain},
	year = {2007}
}

@Article{Skarjaa_and_Ye,
	author = {Skarjaa, A. and Ye, Y.},
	title = {A homogeneous interior-point algorithm for nonsymmetric convex conic optimization},
	journal = {Mathematical Programming, Series A},
	year = {2015},
	volume = {150},
	pages = {391–422}
}

@InBook{Boyd_Vander_Convex_Opt_Book,
	author = {S. Boyd and L. Vandenberghe},
	title = {Convex Optimization},
	publisher = {Cambridge University Press},
	year = {2009},
	chapter = {5}
}

@online{CVX,
	author = {L. Vandenberghe},
	title = {The CVXOPT linear and quadratic cone program solvers},
	date = {2010},
	url = {http://www.seas.ucla.edu/~vandenbe/publications/coneprog.pdf},
}

@Article{SDPT3_2003,
	author = {R.H. T\"{u}t\"{u}nc\"{u} and K.C. Toh and M.J. Todd},
	title = {Solving semidefinite-quadratic-linear programs using SDPT3},
	journal = {Mathematical Programming, Series B},
	year={2003},
	volume={95},
	pages={189-217}
}



@online{SDPT3_2010,
	author = {K.C. Toh and M.J. Todd and R.H. T\"{u}t\"{u}nc\"{u}},
	title = {On the implementation and usage of SDPT3 – a Matlab software package for semidefinite-quadratic-linear programming, version 4.0},
	date = {June 2010},
	url = {http://www.optimization-online.org/DB_FILE/2010/06/2654.pdf},
}

@online{SDPT_32010_1,
	ALTauthor = {author},
	ALTeditor = {editor},
	title = {title},
	date = {date},
	url = {url},
	OPTsubtitle = {subtitle},
	OPTtitleaddon = {titleaddon},
	OPTlanguage = {language},
	OPTversion = {version},
	OPTnote = {note},
	OPTorganization = {organization},
	OPTdate = {date},
	OPTmonth = {month},
	OPTyear = {year},
	OPTaddendum = {addendum},
	OPTpubstate = {pubstate},
	OPTurldate = {urldate},
}

@Article{Freund_behavior_HSD,
	author = {R.M. Freund},
	title = {On the behavior of the homogeneous self-dual model for conic convex optimization},
	journaltitle = {Mathematical Programming, Series A},
	year = {2005},
	volume = {106},
	pages = {527-545}
}
