@article{Nemirovsky_and_Shapiro,
	author = {A. Nemirovsky and A. Shapiro},
	title = {Convex approximation of chance constrained programs},
	journal = {SIAM Journal on Optimization},
	year = {2006},
	volume = {17},
	number = {4},
	pages = {969-996}
}

@thesis{Gao_Yuan_thesis,
	author = {Y. Gao},
	title = {Design and implementation of a homogeneous interior-point method for conic programming involving exponential cone constraints},
	school = {National University of Singapore},
	year = {2006}
}

